<?xml version="1.0" encoding="UTF-8"?><collection xmlns="http://www.loc.gov/MARC21/slim"><record><leader>00366nam--2200121-i-4500</leader><controlfield tag="001">000042591</controlfield><controlfield tag="002">20161230</controlfield><controlfield tag="005">20161230201043</controlfield><controlfield tag="008">060222s1000------------r-----000-0-eng-d</controlfield><datafield ind1=" " ind2=" " tag="100"><subfield code="a">Staffansson,Eve</subfield></datafield><datafield ind1=" " ind2=" " tag="245"><subfield code="a">Stark-effekt am schwelbogenspektrum. eine experimentelle und theoretische unterschung</subfield></datafield><datafield ind1=" " ind2=" " tag="260"><subfield code="a">Lund, Lindstedts Univ.-bokhandel, 1943. 127 P</subfield></datafield><datafield ind1=" " ind2=" " tag="852"><subfield code="a">5798</subfield></datafield></record></collection>